@online{wikipedia:Kreisbogen,
	url={https://de.wikipedia.org/wiki/Kreisbogen},
	urldate={2017-03-15}
}

@online{wikipedia:Friction,
	url={https://en.wikipedia.org/wiki/Friction},
	urldate={2017-03-15}
}

@online{wikipedia:CentrifugalForce,
	url={https://en.wikipedia.org/wiki/Centrifugal_force},
	urldate={2017-03-15}
}

@online{wikipedia:CentripetalForce,
	url={https://en.wikipedia.org/wiki/Centripetal_force},
	urldate={2017-03-15}
}

@online{wikipedia:BankedTurn,
	url={https://en.wikipedia.org/wiki/Banked_turn},
	urldate={2017-03-15}
}

@online{UnbankedTurn,
	url={http://www.batesville.k12.in.us/physics/phynet/mechanics/circular%20motion/an_unbanked_turn.htm},
	urldate={2017-03-15}
}

@online{Kurvenfahrten,
	url={http://physikunterricht-online.de/jahrgang-10/kurvenfahrten-zentripetalkraft/},
	urldate={2017-03-22}
}

@online{TimeAndDistanceCalculationFromAcceleration,
	url={http://www.dummies.com/education/science/physics/how-to-calculate-time-and-distance-from-acceleration-and-velocity/},
	urldate={2017-06-09}
}